@INPROCEEDINGS{cmtools, author={R. {Abu-Salma} and M. A. {Sasse} and J. {Bonneau} and A. {Danilova} and A. {Naiakshina} and M. {Smith}}, booktitle={2017 IEEE Symposium on Security and Privacy (SP)}, title={Obstacles to the Adoption of Secure Communication Tools}, year={2017}, volume={}, number={}, pages={137-153},} 
@misc{inenc,
  title={Creating secure communication channels between processing elements},
  author={Vembu, Balaji and Navale, Aditya and Sadhasivan, Sathyamurthi},
  year={2017},
  month=mar # "~7",
  publisher={Google Patents},
  note={US Patent 9,589,159}
}
@ARTICLE{avehic, author={J. {Yoo} and J. H. {Yi}}, journal={IEEE Access}, title={Code-Based Authentication Scheme for Lightweight Integrity Checking of Smart Vehicles}, year={2018}, volume={6}, number={}, pages={46731-46741},} 


@INPROCEEDINGS{iotcrypro, author={T. D. P. {Bai} and K. M. {Raj} and S. A. {Rabara}}, booktitle={2017 World Congress on Computing and Communication Technologies (WCCCT)}, title={Elliptic Curve Cryptography Based Security Framework for Internet of Things (IoT) Enabled Smart Card}, year={2017}, volume={}, number={}, pages={43-46},} 
@article{penhanc,
  title={The OLYMPUS Architecture—Oblivious Identity Management for Private User-Friendly Services},
  author={Moreno, Rafael Torres and Bernal Bernabe, Jorge and Garc{\'\i}a Rodr{\'\i}guez, Jes{\'u}s and Frederiksen, Tore Kasper and Stausholm, Michael and Mart{\'\i}nez, Noelia and Sakkopoulos, Evangelos and Ponte, Nuno and Skarmeta, Antonio},
  journal={Sensors},
  volume={20},
  number={3},
  pages={945},
  year={2020},
  publisher={Multidisciplinary Digital Publishing Institute}
}

@ARTICLE{healthcrypto, author={P. {Aparna} and P. V. V. {Kishore}}, journal={IET Image Processing}, title={Biometric-based efficient medical image watermarking in E-healthcare application}, year={2019}, volume={13}, number={3}, pages={421-428},} 



@ARTICLE{skeycrtpto, author={S. {Raza} and L. {Seitz} and D. {Sitenkov} and G. {Selander}}, journal={IEEE Transactions on Automation Science and Engineering}, title={S3K: Scalable Security With Symmetric Keys—DTLS Key Establishment for the Internet of Things}, year={2016}, volume={13}, number={3}, pages={1270-1280},} 
@ARTICLE{hashcrypto, author={T. {Tsurumaru} and M. {Hayashi}}, journal={IEEE Transactions on Information Theory}, title={Dual Universality of Hash Functions and Its Applications to Quantum Cryptography}, year={2013}, volume={59}, number={7}, pages={4700-4717},} 

@ARTICLE{pkeycrypto, author={X. {Zhang} and J. {Long} and Z. {Wang} and H. {Cheng}}, journal={IEEE Transactions on Circuits and Systems for Video Technology}, title={Lossless and Reversible Data Hiding in Encrypted Images With Public-Key Cryptography}, year={2016}, volume={26}, number={9}, pages={1622-1631},} 



@article{symreview,
  title={Cryptography’s Past, Present, and Future Role in Society},
  author={Lin, Franck},
  journal={Technical Writing Award Winners 2010},
  year={2010}
}

@ARTICLE{elgamal, author={F. {Rao}}, journal={IEEE Transactions on Dependable and Secure Computing}, title={On the Security of a Variant of ElGamal Encryption Scheme}, year={2019}, volume={16}, number={4}, pages={725-728},} 


@INPROCEEDINGS{rsacrypto, author={ {Xin Zhou} and {Xiaofei Tang}}, booktitle={Proceedings of 2011 6th International Forum on Strategic Technology}, title={Research and implementation of RSA algorithm for encryption and decryption}, year={2011}, volume={2}, number={}, pages={1118-1121},} 


@INPROCEEDINGS{algsw1, author={F. {Mallouli} and A. {Hellal} and N. {Sharief Saeed} and F. {Abdulraheem Alzahrani}}, booktitle={2019 6th IEEE International Conference on Cyber Security and Cloud Computing (CSCloud)/ 2019 5th IEEE International Conference on Edge Computing and Scalable Cloud (EdgeCom)}, title={A Survey on Cryptography: Comparative Study between RSA vs ECC Algorithms, and RSA vs El-Gamal Algorithms}, year={2019}, volume={}, number={}, pages={173-176},}

@INPROCEEDINGS{algsw2, author={S. R. {Singh} and A. K. {Khan} and S. R. {Singh}}, booktitle={2016 2nd International Conference on Contemporary Computing and Informatics (IC3I)}, title={Performance evaluation of RSA and Elliptic Curve Cryptography}, year={2016}, volume={}, number={}, pages={302-306},} 


@ARTICLE{algsw3, author={B. {Koziel} and R. {Azarderakhsh} and M. {Mozaffari Kermani} and D. {Jao}}, journal={IEEE Transactions on Circuits and Systems I: Regular Papers}, title={Post-Quantum Cryptography on FPGA Based on Isogenies on Elliptic Curves}, year={2017}, volume={64}, number={1}, pages={86-99},} 
 @ARTICLE{cpugpu, author={E. {Ochoa-Jiménez} and L. {Rivera-Zamarripa} and N. {Cruz-Cortés} and F. {Rodríguez-Henríquez}}, journal={IEEE Access}, title={Implementation of RSA Signatures on GPU and CPU Architectures}, year={2020}, volume={8}, number={}, pages={9928-9941},} 
@INPROCEEDINGS{eccmicro, author={Y. {Hashimoto} and M. A. {Khandaker} and Y. {Kodera} and T. {Park} and T. {Kusaka} and H. {Kim} and Y. {Nogami}}, booktitle={2017 Fifth International Symposium on Computing and Networking (CANDAR)}, title={An ECC Implementation with a Twisted Montgomery Curve over Fq32 on an 8-Bit Microcontroller}, year={2017}, volume={}, number={}, pages={445-450},} 
 

@INPROCEEDINGS{svshenc, author={M. {Botta} and M. {Simek} and N. {Mitton}}, booktitle={2013 36th International Conference on Telecommunications and Signal Processing (TSP)}, title={Comparison of hardware and software based encryption for secure communication in wireless sensor networks}, year={2013}, volume={}, number={}, pages={6-10},} 
@ARTICLE{eccvlsi1, author={Z. U. A. {Khan} and M. {Benaissa}}, journal={IEEE Transactions on Very Large Scale Integration (VLSI) Systems}, title={High-Speed and Low-Latency ECC Processor Implementation Over GF( $2^{m})$ on FPGA}, year={2017}, volume={25}, number={1}, pages={165-176},} 

@ARTICLE{eccfpgakhan, author={Z. {Khan} and M. {Benaissa}}, journal={IEEE Transactions on Circuits and Systems II: Express Briefs}, title={Throughput/Area-efficient ECC Processor Using Montgomery Point Multiplication on FPGA}, year={2015}, volume={62}, number={11}, pages={1078-1082},} 

 @ARTICLE{eccfpga1, author={H. {Marzouqi} and M. {Al-Qutayri} and K. {Salah} and D. {Schinianakis} and T. {Stouraitis}}, journal={IEEE Transactions on Very Large Scale Integration (VLSI) Systems}, title={A High-Speed FPGA Implementation of an RSD-Based ECC Processor}, year={2016}, volume={24}, number={1}, pages={151-164},} 


@ARTICLE{eccfpga2, author={H. {Alrimeih} and D. {Rakhmatov}}, journal={IEEE Transactions on Very Large Scale Integration (VLSI) Systems}, title={Fast and Flexible Hardware Support for ECC Over Multiple Standard Prime Fields}, year={2014}, volume={22}, number={12}, pages={2661-2674},} 

@ARTICLE{eccfpga3, author={L. {Li} and R. G. {Maunder} and B. M. {Al-Hashimi} and L. {Hanzo}}, journal={IEEE Transactions on Very Large Scale Integration (VLSI) Systems}, title={A Low-Complexity Turbo Decoder Architecture for Energy-Efficient Wireless Sensor Networks}, year={2013}, volume={21}, number={1}, pages={14-22},} 

@ARTICLE{eccfpga4, author={K. C. C. {Loi} and S. {Ko}}, journal={IEEE Transactions on Very Large Scale Integration (VLSI) Systems}, title={Scalable Elliptic Curve Cryptosystem FPGA Processor for NIST Prime Curves}, year={2015}, volume={23}, number={11}, pages={2753-2756},} 

@ARTICLE{eccvlsi2, author={S. {Chen} and M. {Tuan} and H. {Lee} and T. {Lin}}, journal={IEEE Access}, title={VLSI Implementation of a Cost-Efficient Micro Control Unit With an Asymmetric Encryption for Wireless Body Sensor Networks}, year={2017}, volume={5}, number={}, pages={4077-4086},} 
@ARTICLE{eccfpganovel, author={H. {Mahdizadeh} and M. {Masoumi}}, journal={IEEE Transactions on Very Large Scale Integration (VLSI) Systems}, title={Novel Architecture for Efficient FPGA Implementation of Elliptic Curve Cryptographic Processor Over ${\rm GF}(2^{163})$}, year={2013}, volume={21}, number={12}, pages={2330-2333},} 
@INPROCEEDINGS{eccvlsi3, author={J. {Bosmans} and S. S. {Roy} and K. {Jarvinen} and I. {Verbauwhede}}, booktitle={2016 29th International Conference on VLSI Design and 2016 15th International Conference on Embedded Systems (VLSID)}, title={A Tiny Coprocessor for Elliptic Curve Cryptography over the 256-bit NIST Prime Field}, year={2016}, volume={}, number={}, pages={523-528},} 
@ARTICLE{eccfpga5, author={W. N. {Chelton} and M. {Benaissa}}, journal={IEEE Transactions on Very Large Scale Integration (VLSI) Systems}, title={Fast Elliptic Curve Cryptography on FPGA}, year={2008}, volume={16}, number={2}, pages={198-205},} 
@ARTICLE{eccfpga6, author={R. C. C. {Cheung} and N. J. {Telle} and W. {Luk} and P. Y. K. {Cheung}}, journal={IEEE Transactions on Very Large Scale Integration (VLSI) Systems}, title={Customizable elliptic curve cryptosystems}, year={2005}, volume={13}, number={9}, pages={1048-1059},} 
@ARTICLE{eccvlsi4, author={G. {Chen} and G. {Bai} and H. {Chen}}, journal={IEEE Transactions on Circuits and Systems II: Express Briefs}, title={A High-Performance Elliptic Curve Cryptographic Processor for General Curves Over ${\rm GF}(p)$ Based on a Systolic Arithmetic Unit}, year={2007}, volume={54}, number={5}, pages={412-416},} 
@ARTICLE{eccvlsi5, author={J. {Lee} and S. {Chung} and H. {Chang} and C. {Lee}}, journal={IEEE Transactions on Very Large Scale Integration (VLSI) Systems}, title={Efficient Power-Analysis-Resistant Dual-Field Elliptic Curve Cryptographic Processor Using Heterogeneous Dual-Processing-Element Architecture}, year={2014}, volume={22}, number={1}, pages={49-61},} 
@ARTICLE{eccmul1, author={P. {Hosseinzadeh Namin} and C. {Roma} and R. {Muscedere} and M. {Ahmadi}}, journal={IEEE Transactions on Very Large Scale Integration (VLSI) Systems}, title={Efficient VLSI Implementation of a Sequential Finite Field Multiplier Using Reordered Normal Basis in Domino Logic}, year={2018}, volume={26}, number={11}, pages={2542-2552},} 
@ARTICLE{eccmul2, author={C. {Lee} and C. {Yang} and B. K. {Meher} and P. K. {Meher} and J. {Pan}}, journal={IEEE Transactions on Circuits and Systems I: Regular Papers}, title={Low-Complexity Digit-Serial and Scalable SPB/GPB Multipliers Over Large Binary Extension Fields Using (b,2)-Way Karatsuba Decomposition}, year={2014}, volume={61}, number={11}, pages={3115-3124},} 
@INPROCEEDINGS{eccmul3, author={J. {Liu} and D. {Cheng} and Z. {Guan} and Z. {Wang}}, booktitle={2018 IEEE International Conference on Intelligence and Safety for Robotics (ISR)}, title={A High Speed VLSI Implementation of 256-bit Scalar Point Multiplier for ECC over GF (p)}, year={2018}, volume={}, number={}, pages={184-191},} 
@INPROCEEDINGS{eccmul4, author={A. P. {Fournaris} and J. {Zafeirakis} and O. {Koufopavlou}}, booktitle={2014 17th Euromicro Conference on Digital System Design}, title={Designing and Evaluating High Speed Elliptic Curve Point Multipliers}, year={2014}, volume={}, number={}, pages={169-174},} 
@ARTICLE{eccmul4, author={M. {Esmaeildoust} and D. {Schinianakis} and H. {Javashi} and T. {Stouraitis} and K. {Navi}}, journal={IEEE Transactions on Very Large Scale Integration (VLSI) Systems}, title={Efficient RNS Implementation of Elliptic Curve Point Multiplication Over ${\rm GF}(p)$}, year={2013}, volume={21}, number={8}, pages={1545-1549},} 
@ARTICLE{eccmul5, author={H. {Alrimeih} and D. {Rakhmatov}}, journal={IEEE Transactions on Very Large Scale Integration (VLSI) Systems}, title={Fast and Flexible Hardware Support for ECC Over Multiple Standard Prime Fields}, year={2014}, volume={22}, number={12}, pages={2661-2674},} 

@ARTICLE{eccmul6, author={S. K. {Jain} and L. {Song} and K. K. {Parhi}}, journal={IEEE Transactions on Very Large Scale Integration (VLSI) Systems}, title={Efficient semisystolic architectures for finite-field arithmetic}, year={1998}, volume={6}, number={1}, pages={101-113},} 
@ARTICLE{bitpll1, author={A. {Reyhani-Masoleh} and M. A. {Hasan}}, journal={IEEE Transactions on Computers}, title={Low complexity bit parallel architectures for polynomial basis multiplication over GF(2m)}, year={2004}, volume={53}, number={8}, pages={945-959},} 

@ARTICLE{digitser1, author={G. D. {Sutter} and J. {Deschamps} and J. L. {Imana}}, journal={IEEE Transactions on Industrial Electronics}, title={Efficient Elliptic Curve Point Multiplication Using Digit-Serial Binary Field Operations}, year={2013}, volume={60}, number={1}, pages={217-225},} 

@ARTICLE{digitser2, author={A. {Hariri} and A. {Reyhani-Masoleh}}, journal={IEEE Transactions on Computers}, title={Bit-Serial and Bit-Parallel Montgomery Multiplication and Squaring over GF(2$^m$)}, year={2009}, volume={58}, number={10}, pages={1332-1345},} 
@ARTICLE{digitser3, author={J. {Pan} and C. {Lee} and P. K. {Meher}}, journal={IEEE Transactions on Circuits and Systems I: Regular Papers}, title={Low-Latency Digit-Serial and Digit-Parallel Systolic Multipliers for Large Binary Extension Fields}, year={2013}, volume={60}, number={12}, pages={3195-3204},} 

@ARTICLE{eccmul7, author={P. K. {Meher}}, journal={IEEE Transactions on Very Large Scale Integration (VLSI) Systems}, title={Systolic and Non-Systolic Scalable Modular Designs of Finite Field Multipliers for Reed–Solomon Codec}, year={2009}, volume={17}, number={6}, pages={747-757},} 
@ARTICLE{digitser3, author={S. {Talapatra} and H. {Rahaman} and J. {Mathew}}, journal={IEEE Transactions on Very Large Scale Integration (VLSI) Systems}, title={Low Complexity Digit Serial Systolic Montgomery Multipliers for Special Class of ${\rm GF}(2^{m})$}, year={2010}, volume={18}, number={5}, pages={847-852},} 

@ARTICLE{bitpll2, author={G. {Zhou} and H. {Michalik} and L. {Hinsenkamp}}, journal={IEEE Transactions on Very Large Scale Integration (VLSI) Systems}, title={Complexity Analysis and Efficient Implementations of Bit Parallel Finite Field Multipliers Based on Karatsuba-Ofman Algorithm on FPGAs}, year={2010}, volume={18}, number={7}, pages={1057-1066},} 


@INPROCEEDINGS{bitser2, author={Y. G. {Desale} and {V.V. Ingale}}, booktitle={2019 IEEE 5th International Conference for Convergence in Technology (I2CT)}, title={Design of Power Efficient Bit Serial Finite Field GF(2m) Multiplier}, year={2019}, volume={}, number={}, pages={1-4},} 

@ARTICLE{bitser1, author={C. {Lee} and P. K. {Meher} and J. C. {Patra}}, journal={IEEE Transactions on Very Large Scale Integration (VLSI) Systems}, title={Concurrent Error Detection in Bit-Serial Normal Basis Multiplication Over ${\rm GF}(2^{m})$ Using Multiple Parity Prediction Schemes}, year={2010}, volume={18}, number={8}, pages={1234-1238},} 


@INPROCEEDINGS{bitser3, author={Y. G. {Desale} and {V.V. Ingale}}, booktitle={2019 IEEE 5th International Conference for Convergence in Technology (I2CT)}, title={Design of Power Efficient Bit Serial Finite Field GF(2m) Multiplier}, year={2019}, volume={}, number={}, pages={1-4},} 

@ARTICLE{bitpll3, author={L. {Li} and S. {Li}}, journal={IEEE Transactions on Very Large Scale Integration (VLSI) Systems}, title={High-Performance Pipelined Architecture of Elliptic Curve Scalar Multiplication Over GF( ${2}^{m}$ )}, year={2016}, volume={24}, number={4}, pages={1223-1232},} 
@inproceedings{karatsuba62,
  title={Multiplication of many-digital numbers by automatic computers},
  author={Karatsuba, Anatolii Alekseevich and Ofman, Yu P},
  booktitle={Doklady Akademii Nauk},
  volume={145},
  number={2},
  pages={293--294},
  year={1962},
  organization={Russian Academy of Sciences}
}


@INPROCEEDINGS{kar1, author={L. {Henzen} and W. {Fichtner}}, booktitle={2010 Proceedings of ESSCIRC}, title={FPGA parallel-pipelined AES-GCM core for 100G Ethernet applications}, year={2010}, volume={}, number={}, pages={202-205},} 

@ARTICLE{ofkar1, author={H. {Fan} and J. {Sun} and M. {Gu} and K. -. {Lam}}, journal={IET Information Security}, title={Overlap-free Karatsuba-Ofman polynomial multiplication algorithms}, year={2010}, volume={4}, number={1}, pages={8-14},} 
@INPROCEEDINGS{ofkar2, author={C. {Lee} and J. {Xie}}, booktitle={2018 IEEE 36th International Conference on Computer Design (ICCD)}, title={Low Area-Delay Complexity Digit-Level Parallel-In Serial-Out Multiplier Over GF(2m) Based on Overlap-Free Karatsuba Algorithm}, year={2018}, volume={}, number={}, pages={187-194},} 

@ARTICLE{kar2, author={J. {Xie} and P. K. {Meher} and M. {Sun} and Y. {Li} and B. {Zeng} and Z. {Mao}}, journal={IEEE Transactions on Circuits and Systems I: Regular Papers}, title={Efficient FPGA Implementation of Low-Complexity Systolic Karatsuba Multiplier Over $GF(2^{m})$ Based on NIST Polynomials}, year={2017}, volume={64}, number={7}, pages={1815-1825},} 
@INPROCEEDINGS{kar3, author={M. H. {Santriaji} and A. {Sasongko}}, booktitle={2015 International Symposium on Intelligent Signal Processing and Communication Systems (ISPACS)}, title={Optimized VHDL-based Karatsuba polynomial multiplier generator for GF(2n)}, year={2015}, volume={}, number={}, pages={274-278},} 

@INPROCEEDINGS{kar4, author={V. {Migliore} and M. M. {Real} and V. {Lapotre} and A. {Tisserand} and C. {Fontaine} and G. {Gogniat}}, booktitle={2016 International Conference on Field-Programmable Technology (FPT)}, title={Fast polynomial arithmetic for Somewhat Homomorphic Encryption operations in hardware with Karatsuba algorithm}, year={2016}, volume={}, number={}, pages={209-212},} 



@ARTICLE{kar6, author={J. B. {Lima} and D. {Panario} and Q. {Wang}}, journal={IEEE Transactions on Computers}, title={A Karatsuba-Based Algorithm for Polynomial Multiplication in Chebyshev Form}, year={2010}, volume={59}, number={6}, pages={835-841},} 
@ARTICLE{kar7, author={L. {Li} and S. {Li}}, journal={IEEE Transactions on Very Large Scale Integration (VLSI) Systems}, title={High-Performance Pipelined Architecture of Elliptic Curve Scalar Multiplication Over GF( ${2}^{m}$ )}, year={2016}, volume={24}, number={4}, pages={1223-1232},} 
@INPROCEEDINGS{kar8, author={S. {Liu} and L. {Ju} and X. {Cai} and Z. {Jia} and Z. {Zhang}}, booktitle={2014 IEEE 13th International Conference on Trust, Security and Privacy in Computing and Communications}, title={High Performance FPGA Implementation of Elliptic Curve Cryptography over Binary Fields}, year={2014}, volume={}, number={}, pages={148-155},} 
@ARTICLE{kar9, author={Y. I. {Cho} and N. S. {Chang} and C. H. {Kim} and Y. {Park} and S. {Hong}}, journal={IEEE Transactions on Very Large Scale Integration (VLSI) Systems}, title={New Bit Parallel Multiplier With Low Space Complexity for All Irreducible Trinomials Over $GF(2^{n})$ }, year={2012}, volume={20}, number={10}, pages={1903-1908},} 


@inproceedings{samanta2014fpga,
  title={FPGA based modified Karatsuba multiplier},
  author={Samanta, Jagannath and Sultana, Razia and Bhaumik, Jaydeb},
  booktitle={International Conference on VLSI and Signal Processing (ICVSP)},
  volume={10},
  pages={12},
  year={2014}
}

@inproceedings{imran2017,
  title={Hardware design and implementation of ECC based crypto processor for low-area-applications on FPGA},
  author={Imran, Malik and Shafi, Imran and Jafri, Atif Raza and Rashid, Muhammad},
  booktitle={2017 International Conference on Open Source Systems \& Technologies (ICOSST)},
  pages={54--59},
  year={2017},
  organization={IEEE}
}





@article{de2019polynomial,
  title={Polynomial multiplication over binary finite fields: new upper bounds},
  author={De Piccoli, Alessandro and Visconti, Andrea and Rizzo, Ottavio Giulio},
  journal={Journal of Cryptographic Engineering},
  pages={1--14},
  year={2019},
  publisher={Springer}
}

@INPROCEEDINGS{kodali,

  author={R. K. {Kodali} and L. {Boppana} and A. {Saikiran} and C. N. {Amanchi}},

  booktitle={2015 International Conference on Advances in Computing, Communications and Informatics (ICACCI)}, 

  title={FPGA implementation of multiplication algorithms for ECC}, 

  year={2015},

  volume={},

  number={},

  pages={549-554},}

@ARTICLE{imana,

  author={J. L. {Imaña}},

  journal={IEEE Transactions on Computers}, 

  title={Fast Bit-Parallel Binary Multipliers Based on Type-I Pentanomials}, 

  year={2018},

  volume={67},

  number={6},

  pages={898-904},}

@INPROCEEDINGS{arish,

  author={S. {Arish} and R. K. {Sharma}},

  booktitle={2015 International Conference on Signal Processing and Communication (ICSC)}, 

  title={An efficient floating point multiplier design for high speed applications using Karatsuba algorithm and Urdhva-Tiryagbhyam algorithm}, 

  year={2015},

  volume={},

  number={},

  pages={303-308},}
@article{rashidi,
  title={Throughput/area efficient implementation of scalable polynomial basis multiplication},
  author={Rashidi, Bahram},
  journal={Journal of Hardware and Systems Security},
  pages={1--16},
  year={2020},
  publisher={Springer}
}

@ARTICLE{8100879,

  author={A. {Faz-Hernández} and J. {López} and E. {Ochoa-Jiménez} and F. {Rodríguez-Henríquez}},

  journal={IEEE Transactions on Computers}, 

  title={A Faster Software Implementation of the Supersingular Isogeny Diffie-Hellman Key Exchange Protocol}, 

  year={2018},

  volume={67},

  number={11},

  pages={1622-1636},}


@article{xwpaper,
  title={Advantages of the Virtex-5 FPGA 6-Input LUT architecture},
  author={Percey, Andrew},
  journal={White Paper: Virtex-5 FPGAs, Xilinx WP284 (v1. 0)},
  year={2007}
}

@ARTICLE{8419663,

  author={Y. {Li} and Y. {Zhang} and X. {Guo} and C. {Qi}},

  journal={IEEE Access}, 

  title={N-Term Karatsuba Algorithm and its Application to Multiplier Designs for Special Trinomials}, 

  year={2018},

  volume={6},

  number={},

  pages={43056-43069},}




@ARTICLE{reconka,  author={G. {Zhou} and H. {Michalik}},  journal={IEEE Transactions on Computers},   title={Comments on "A New Architecture for a Parallel Finite Field Multiplier with Low Complexity Based on Composite Field"},   year={2010},  volume={59},  number={7},  pages={1007-1008},}

@ARTICLE{sunar,
    author = {B. Sunar},
    title = {A generalized method for constructing subquadratic complexity GF(2 k ) multipliers},
    journal = {IEEE Transactions on Computers},
    year = {2004},
    volume = {53},
    pages = {1097--1105}
}

@ARTICLE{sunar,
    author = {B. Sunar},
    title = {A generalized method for constructing subquadratic complexity GF(2 k ) multipliers},
    journal = {IEEE Transactions on Computers},
    year = {2004},
    volume = {53},
    pages = {1097--1105}
}

@article{negre,
  title={Efficient binary polynomial multiplication based on optimized Karatsuba reconstruction},
  author={Negre, Chistophe},
  journal={Journal of Cryptographic Engineering},
  volume={4},
  number={2},
  pages={91--106},
  year={2014},
  publisher={Springer}
}
@ARTICLE{brecom,  author={M. {Cenk} and M. A. {Hasan} and C. {Negre}},  journal={IEEE Transactions on Computers},   title={Efficient Subquadratic Space Complexity Binary Polynomial Multipliers Based on Block Recombination},   year={2014},  volume={63},  number={9},  pages={2273-2287},}




@TECHREPORT{fitting,
  AUTHOR =        {Ryan Scoville},
  TITLE =         {Fitting Algorithms, seeds, and variation;
The Spice of Life},
  INSTITUTION =   {Intel},
  ADDRESS =       {2200 Mission College Blvd., Santa Clara, USA},
  NOTE =          {},
  MONTH =         {Nov.},
  YEAR  =         {2011},
    PAGES =         {14},
}

@INPROCEEDINGS{365700,

  author={P. W. {Shor}},

  booktitle={Proceedings 35th Annual Symposium on Foundations of Computer Science}, 

  title={Algorithms for quantum computation: discrete logarithms and factoring}, 

  year={1994},

  volume={},

  number={},

  pages={124-134},}

@misc{nistr3,
  title="{Post-Quantum Cryptography-Round 3 Submissions}",
  url="https://csrc.nist.gov/Projects/post-quantum-cryptography/round-3-submissions",
  urldate={2020-10-14},
year={2020}
}

@misc{nistr2,
  title="{Post-Quantum Cryptography-Round 2 Submissions}",
  url="https://csrc.nist.gov/Projects/post-quantum-cryptography/round-2-submissions",
  urldate={2020-10-14},
year={2020}
}

@misc{nistr1,
  title="{Post-Quantum Cryptography-Round 1 Submissions}",
  url="https://csrc.nist.gov/Projects/post-quantum-cryptography/Round-1-Submissions",
  urldate={2020-10-14},
year={2020}
}

@inproceedings{gentry2009fully,
  title={Fully homomorphic encryption using ideal lattices},
  author={Gentry, Craig},
  booktitle={Proceedings of the forty-first annual ACM symposium on Theory of computing},
  pages={169--178},
  year={2009}
}
@article{turan2020heaws,
  title={HEAWS: An Accelerator for Homomorphic Encryption on the Amazon AWS FPGA},
  author={Turan, Furkan and Roy, Sujoy Sinha and Verbauwhede, Ingrid},
  journal={IEEE Transactions on Computers},
  year={2020},
  publisher={IEEE}
}
@INPROCEEDINGS{8860046,

  author={M. {Andrzejczak}},

  booktitle={2019 Federated Conference on Computer Science and Information Systems (FedCSIS)}, 

  title={The Low-Area FPGA Design for the Post-Quantum Cryptography Proposal Round5}, 

  year={2019},

  volume={},

  number={},

  pages={213-219},}
@INPROCEEDINGS{9114570,

  author={J. L. {Imana} and I. {Luengo}},

  booktitle={2020 IEEE 28th Annual International Symposium on Field-Programmable Custom Computing Machines (FCCM)}, 

  title={FPGA Implementation of Post-Quantum DME Cryptosystem}, 

  year={2020},

  volume={},

  number={},

  pages={209-209},}


@article{fv,
  title={Somewhat Practical Fully Homomorphic Encryption.},
  author={Fan, Junfeng and Vercauteren, Frederik},
  journal={IACR Cryptol. ePrint Arch.},
  volume={2012},
  pages={144},
  year={2012},
  publisher={Citeseer}
}

