@article{schuman2017survey,
  title={A survey of neuromorphic computing and neural networks in hardware},
  author={Schuman, Catherine D and Potok, Thomas E and Patton, Robert M and Birdwell, J Douglas and Dean, Mark E and Rose, Garrett S and Plank, James S},
  journal={arXiv preprint arXiv:1705.06963},
  year={2017}
}
@article{wu2015cmos,
  title={A CMOS spiking neuron for brain-inspired neural networks with resistive synapses and in situ learning},
  author={Wu, Xinyu and Saxena, Vishal and Zhu, Kehan and Balagopal, Sakkarapani},
  journal={IEEE Transactions on Circuits and Systems II: Express Briefs},
  volume={62},
  number={11},
  pages={1088--1092},
  year={2015},
  publisher={IEEE}
}
@incollection{capecci2015feasibility,
  title={A feasibility study of using the neucube spiking neural network architecture for modelling alzheimerâ€™s disease eeg data},
  author={Capecci, Elisa and Morabito, Francesco Carlo and Campolo, Maurizio and Mammone, Nadia and Labate, Domenico and Kasabov, Nikola},
  booktitle={Advances in neural networks: Computational and theoretical issues},
  pages={159--172},
  year={2015},
  publisher={Springer}
}
@article{wallach2015atomnet,
  title={AtomNet: a deep convolutional neural network for bioactivity prediction in structure-based drug discovery},
  author={Wallach, Izhar and Dzamba, Michael and Heifets, Abraham},
  journal={arXiv preprint arXiv:1510.02855},
  year={2015}
}
@article{li2016collaborative,
  title={Collaborative brain-computer interface for people with motor disabilities [Research Frontier]},
  author={Li, Yueqing and Nam, Chang S},
  journal={IEEE Computational Intelligence Magazine},
  volume={11},
  number={3},
  pages={56--66},
  year={2016},
  publisher={IEEE}
}

@ARTICLE{7378880,

  author={K. E. {Friedl} and A. R. {Voelker} and A. {Peer} and C. {Eliasmith}},

  journal={IEEE Robotics and Automation Letters}, 

  title={Human-Inspired Neurorobotic System for Classifying Surface Textures by Touch}, 

  year={2016},

  volume={1},

  number={1},

  pages={516-523},}
  
  @ARTICLE{6145692,

  author={J. A. {Wall} and L. J. {McDaid} and L. P. {Maguire} and T. M. {McGinnity}},

  journal={IEEE Transactions on Neural Networks and Learning Systems}, 

  title={Spiking Neural Network Model of Sound Localization Using the Interaural Intensity Difference}, 

  year={2012},

  volume={23},

  number={4},

  pages={574-586},}
  @ARTICLE{6376255,

  author={M. {Samie} and G. {Dragffy} and A. M. {Tyrrell} and T. {Pipe} and P. {Bremner}},

  journal={IEEE Transactions on Very Large Scale Integration (VLSI) Systems}, 

  title={Novel Bio-Inspired Approach for Fault-Tolerant VLSI Systems}, 

  year={2013},

  volume={21},

  number={10},

  pages={1878-1891},}
@article{ponulak2011introduction,
  title={Introduction to spiking neural networks: Information processing, learning and applications.},
  author={Ponulak, Filip and Kasinski, Andrzej},
  journal={Acta neurobiologiae experimentalis},
  volume={71},
  number={4},
  pages={409--433},
  year={2011}
}
@article{hodgkin1952quantitative,
  title={A quantitative description of membrane current and its application to conduction and excitation in nerve},
  author={Hodgkin, Alan L and Huxley, Andrew F},
  journal={The Journal of physiology},
  volume={117},
  number={4},
  pages={500},
  year={1952},
  publisher={Wiley-Blackwell}
}
@article{izhikevich2003simple,
  title={Simple model of spiking neurons},
  author={Izhikevich, Eugene M},
  journal={IEEE Transactions on neural networks},
  volume={14},
  number={6},
  pages={1569--1572},
  year={2003},
  publisher={IEEE}
}
@book{gerstner2002spiking,
  title={Spiking neuron models: Single neurons, populations, plasticity},
  author={Gerstner, Wulfram and Kistler, Werner M},
  year={2002},
  publisher={Cambridge university press}
}







